
@ARTICLE{Huber2013,
   author = {{Huber}, D. and {Chaplin}, W.~J. and {Christensen-Dalsgaard}, J. and 
   {Gilliland}, R.~L. and {Kjeldsen}, H. and {Buchhave}, L.~A. and 
   {Fischer}, D.~A. and {Lissauer}, J.~J. and {Rowe}, J.~F. and 
   {Sanchis-Ojeda}, R. and {Basu}, S. and {Handberg}, R. and {Hekker}, S. and 
   {Howard}, A.~W. and {Isaacson}, H. and {Karoff}, C. and {Latham}, D.~W. and 
   {Lund}, M.~N. and {Lundkvist}, M. and {Marcy}, G.~W. and {Miglio}, A. and 
   {Silva Aguirre}, V. and {Stello}, D. and {Arentoft}, T. and 
   {Barclay}, T. and {Bedding}, T.~R. and {Burke}, C.~J. and {Christiansen}, J.~L. and 
   {Elsworth}, Y.~P. and {Haas}, M.~R. and {Kawaler}, S.~D. and 
   {Metcalfe}, T.~S. and {Mullally}, F. and {Thompson}, S.~E.},
    title = "{Fundamental Properties of Kepler Planet-candidate Host Stars using Asteroseismology}",
  journal = {\apj},
archivePrefix = "arXiv",
   eprint = {1302.2624},
 primaryClass = "astro-ph.SR",
 keywords = {planetary systems, stars: late-type, stars: oscillations, techniques: photometric, techniques: spectroscopic},
     year = 2013,
    month = apr,
   volume = 767,
      eid = {127},
    pages = {127},
      doi = {10.1088/0004-637X/767/2/127},
   adsurl = {http://adsabs.harvard.edu/abs/2013ApJ...767..127H},
  adsnote = {Provided by the SAO/NASA Astrophysics Data System}
}



@ARTICLE{Batalha2012,
   author = {{Batalha}, N.~M. and {Rowe}, J.~F. and {Bryson}, S.~T. and {Barclay}, T. and
   {Burke}, C.~J. and {Caldwell}, D.~A. and {Christiansen}, J.~L. and
   {Mullally}, F. and {Thompson}, S.~E. and {Brown}, T.~M. and
   {Dupree}, A.~K. and {Fabrycky}, D.~C. and {Ford}, E.~B. and
   {Fortney}, J.~J. and {Gilliland}, R.~L. and {Isaacson}, H. and
   {Latham}, D.~W. and {Marcy}, G.~W. and {Quinn}, S. and {Ragozzine}, D. and
   {Shporer}, A. and {Borucki}, W.~J. and {Ciardi}, D.~R. and {Gautier}, III, T.~N. and
   {Haas}, M.~R. and {Jenkins}, J.~M. and {Koch}, D.~G. and {Lissauer}, J.~J. and
   {Rapin}, W. and {Basri}, G.~S. and {Boss}, A.~P. and {Buchhave}, L.~A. and
   {Charbonneau}, D. and {Christensen-Dalsgaard}, J. and {Clarke}, B.~D. and
   {Cochran}, W.~D. and {Demory}, B.-O. and {Devore}, E. and {Esquerdo}, G.~A. and
   {Everett}, M. and {Fressin}, F. and {Geary}, J.~C. and {Girouard}, F.~R. and
   {Gould}, A. and {Hall}, J.~R. and {Holman}, M.~J. and {Howard}, A.~W. and
   {Howell}, S.~B. and {Ibrahim}, K.~A. and {Kinemuchi}, K. and
   {Kjeldsen}, H. and {Klaus}, T.~C. and {Li}, J. and {Lucas}, P.~W. and
   {Morris}, R.~L. and {Prsa}, A. and {Quintana}, E. and {Sanderfer}, D.~T. and
   {Sasselov}, D. and {Seader}, S.~E. and {Smith}, J.~C. and {Steffen}, J.~H. and
   {Still}, M. and {Stumpe}, M.~C. and {Tarter}, J.~C. and {Tenenbaum}, P. and
   {Torres}, G. and {Twicken}, J.~D. and {Uddin}, K. and {Van Cleve}, J. and
   {Walkowicz}, L. and {Welsh}, W.~F.},
    title = "{Planetary Candidates Observed by Kepler, III: Analysis of the First 16 Months of Data}",
  journal = {ArXiv e-prints},
archivePrefix = "arXiv",
   eprint = {1202.5852},
 primaryClass = "astro-ph.EP",
 keywords = {Astrophysics - Earth and Planetary Astrophysics},
     year = 2012,
    month = feb,
   adsurl = {http://adsabs.harvard.edu/abs/2012arXiv1202.5852B},
  adsnote = {Provided by the SAO/NASA Astrophysics Data System}
}


@ARTICLE{Muirhead2012,
   author = {{Muirhead}, P.~S. and {Hamren}, K. and {Schlawin}, E. and {Rojas-Ayala}, B. and 
   {Covey}, K.~R. and {Lloyd}, J.~P.},
    title = "{Characterizing the Cool Kepler Objects of Interests. New Effective Temperatures, Metallicities, Masses, and Radii of Low-mass Kepler Planet-candidate Host Stars}",
  journal = {\apjl},
archivePrefix = "arXiv",
   eprint = {1109.1819},
 primaryClass = "astro-ph.SR",
 keywords = {planetary systems, stars: abundances, stars: fundamental parameters, stars: late-type, stars: low-mass},
     year = 2012,
    month = may,
   volume = 750,
      eid = {L37},
    pages = {L37},
      doi = {10.1088/2041-8205/750/2/L37},
   adsurl = {http://adsabs.harvard.edu/abs/2012ApJ...750L..37M},
  adsnote = {Provided by the SAO/NASA Astrophysics Data System}
}


@ARTICLE{Pinsonneault2012,
   author = {{Pinsonneault}, M.~H. and {An}, D. and {Molenda-{\.Z}akowicz}, J. and 
   {Chaplin}, W.~J. and {Metcalfe}, T.~S. and {Bruntt}, H.},
    title = "{A Revised Effective Temperature Scale for the Kepler Input Catalog}",
  journal = {\apjs},
archivePrefix = "arXiv",
   eprint = {1110.4456},
 primaryClass = "astro-ph.SR",
 keywords = {stars: fundamental parameters},
     year = 2012,
    month = apr,
   volume = 199,
      eid = {30},
    pages = {30},
      doi = {10.1088/0067-0049/199/2/30},
   adsurl = {http://adsabs.harvard.edu/abs/2012ApJS..199...30P},
  adsnote = {Provided by the SAO/NASA Astrophysics Data System}
}

@ARTICLE{Southworth2009,
   author = {{Southworth}, J.},
    title = "{Homogeneous studies of transiting extrasolar planets - II. Physical properties}",
  journal = {\mnras},
archivePrefix = "arXiv",
   eprint = {0811.3277},
 keywords = {binaries: eclipsing , binaries: spectroscopic , planetary systems},
     year = 2009,
    month = mar,
   volume = 394,
    pages = {272-294},
      doi = {10.1111/j.1365-2966.2008.14274.x},
   adsurl = {http://adsabs.harvard.edu/abs/2009MNRAS.394..272S},
  adsnote = {Provided by the SAO/NASA Astrophysics Data System}
}



@ARTICLE{Yilen2013,
   author = {{G{\'o}mez Maqueo Chew}, Y. and {Faedi}, F. and {Cargile}, P. and 
   {Doyle}, A.~P. and {Ghezzi}, L. and {Sousa}, S. and {Barros}, S.~C.~C. and 
   {Hebb}, L. and {Cunha}, K. and {Schuler}, S.~C. and {Smith}, V.~V. and 
   {Collier Cameron}, A. and {Pollacco}, D. and {Santos}, N.~C. and 
   {Smalley}, B. and {Stassun}, K.~G.},
    title = "{The Homogeneous Study of Transiting Systems (HoSTS). I. The Pilot Study of WASP-13}",
  journal = {\apj},
archivePrefix = "arXiv",
   eprint = {1302.6115},
 primaryClass = "astro-ph.EP",
 keywords = {planetary systems, stars: fundamental parameters, stars: individual: WASP-13, techniques: photometric, techniques: spectroscopic },
     year = 2013,
    month = may,
   volume = 768,
      eid = {79},
    pages = {79},
      doi = {10.1088/0004-637X/768/1/79},
   adsurl = {http://adsabs.harvard.edu/abs/2013ApJ...768...79G},
  adsnote = {Provided by the SAO/NASA Astrophysics Data System}
}

@ARTICLE{Bouchy2010,
   author = {{Bouchy}, F. and {Hebb}, L. and {Skillen}, I. and {Collier Cameron}, A. and 
   {Smalley}, B. and {Udry}, S. and {Anderson}, D.~R. and {Boisse}, I. and 
   {Enoch}, B. and {Haswell}, C.~A. and {H{\'e}brard}, G. and {Hellier}, C. and 
   {Joshi}, Y. and {Kane}, S.~R. and {Maxted}, P.~F.~L. and {Mayor}, M. and 
   {Moutou}, C. and {Pepe}, F. and {Pollacco}, D. and {Queloz}, D. and 
   {S{\'e}gransan}, D. and {Simpson}, E.~K. and {Smith}, A.~M.~S. and 
   {Stempels}, H.~C. and {Street}, R. and {Triaud}, A.~H.~M.~J. and 
   {West}, R.~G. and {Wheatley}, P.~J.},
    title = "{WASP-21b: a hot-Saturn exoplanet transiting a thick disc star}",
  journal = {\aap},
archivePrefix = "arXiv",
   eprint = {1006.2605},
 primaryClass = "astro-ph.EP",
 keywords = {planetary systems, techniques: photometric, techniques: radial velocities},
     year = 2010,
    month = sep,
   volume = 519,
      eid = {A98},
    pages = {A98},
      doi = {10.1051/0004-6361/201014817},
   adsurl = {http://adsabs.harvard.edu/abs/2010A%26A...519A..98B},
  adsnote = {Provided by the SAO/NASA Astrophysics Data System}
}

@ARTICLE{Dotter2008,
   author = {{Dotter}, A. and {Chaboyer}, B. and {Jevremovi{\'c}}, D. and 
   {Kostov}, V. and {Baron}, E. and {Ferguson}, J.~W.},
    title = "{The Dartmouth Stellar Evolution Database}",
  journal = {\apjs},
archivePrefix = "arXiv",
   eprint = {0804.4473},
 keywords = {Galaxy: Globular Clusters: General, Galaxy: Open Clusters and Associations: General, Stars: Evolution},
     year = 2008,
    month = sep,
   volume = 178,
    pages = {89-101},
      doi = {10.1086/589654},
   adsurl = {http://adsabs.harvard.edu/abs/2008ApJS..178...89D},
  adsnote = {Provided by the SAO/NASA Astrophysics Data System}
}



@ARTICLE{Hebb2009,
   author = {{Hebb}, L. and {Collier-Cameron}, A. and {Loeillet}, B. and 
   {Pollacco}, D. and {H{\'e}brard}, G. and {Street}, R.~A. and 
   {Bouchy}, F. and {Stempels}, H.~C. and {Moutou}, C. and {Simpson}, E. and 
   {Udry}, S. and {Joshi}, Y.~C. and {West}, R.~G. and {Skillen}, I. and 
   {Wilson}, D.~M. and {McDonald}, I. and {Gibson}, N.~P. and {Aigrain}, S. and 
   {Anderson}, D.~R. and {Benn}, C.~R. and {Christian}, D.~J. and 
   {Enoch}, B. and {Haswell}, C.~A. and {Hellier}, C. and {Horne}, K. and 
   {Irwin}, J. and {Lister}, T.~A. and {Maxted}, P. and {Mayor}, M. and 
   {Norton}, A.~J. and {Parley}, N. and {Pont}, F. and {Queloz}, D. and 
   {Smalley}, B. and {Wheatley}, P.~J.},
    title = "{WASP-12b: The Hottest Transiting Extrasolar Planet Yet Discovered}",
  journal = {\apj},
archivePrefix = "arXiv",
   eprint = {0812.3240},
 keywords = {planetary systems, techniques: photometric, techniques: radial velocities},
     year = 2009,
    month = mar,
   volume = 693,
    pages = {1920-1928},
      doi = {10.1088/0004-637X/693/2/1920},
   adsurl = {http://adsabs.harvard.edu/abs/2009ApJ...693.1920H},
  adsnote = {Provided by the SAO/NASA Astrophysics Data System}
}



@ARTICLE{Hebb2010,
   author = {{Hebb}, L. and {Collier-Cameron}, A. and {Triaud}, A.~H.~M.~J. and 
   {Lister}, T.~A. and {Smalley}, B. and {Maxted}, P.~F.~L. and 
   {Hellier}, C. and {Anderson}, D.~R. and {Pollacco}, D. and {Gillon}, M. and 
   {Queloz}, D. and {West}, R.~G. and {Bentley}, S. and {Enoch}, B. and 
   {Haswell}, C.~A. and {Horne}, K. and {Mayor}, M. and {Pepe}, F. and 
   {Segransan}, D. and {Skillen}, I. and {Udry}, S. and {Wheatley}, P.~J.
   },
    title = "{WASP-19b: The Shortest Period Transiting Exoplanet Yet Discovered}",
  journal = {\apj},
archivePrefix = "arXiv",
   eprint = {1001.0403},
 primaryClass = "astro-ph.EP",
 keywords = {planetary systems, techniques: photometric, techniques: radial velocities},
     year = 2010,
    month = jan,
   volume = 708,
    pages = {224-231},
      doi = {10.1088/0004-637X/708/1/224},
   adsurl = {http://adsabs.harvard.edu/abs/2010ApJ...708..224H},
  adsnote = {Provided by the SAO/NASA Astrophysics Data System}
}



@ARTICLE{Everett2013,
   author = {{Everett}, M.~E. and {Howell}, S.~B. and {Silva}, D.~R. and 
   {Szkody}, P.},
    title = "{Spectroscopy of Faint Kepler Mission Exoplanet Candidate Host Stars}",
  journal = {ArXiv e-prints},
archivePrefix = "arXiv",
   eprint = {1305.0578},
 primaryClass = "astro-ph.EP",
 keywords = {Astrophysics - Earth and Planetary Astrophysics},
     year = 2013,
    month = may,
   adsurl = {http://adsabs.harvard.edu/abs/2013arXiv1305.0578E},
  adsnote = {Provided by the SAO/NASA Astrophysics Data System}
}




@ARTICLE{Wisniewski2012,
   author = {{Wisniewski}, J.~P. and {Ge}, J. and {Crepp}, J.~R. and {De Lee}, N. and 
   {Eastman}, J. and {Esposito}, M. and {Fleming}, S.~W. and {Gaudi}, B.~S. and 
   {Ghezzi}, L. and {Gonzalez Hernandez}, J.~I. and {Lee}, B.~L. and 
   {Stassun}, K.~G. and {Agol}, E. and {Allende Prieto}, C. and 
   {Barnes}, R. and {Bizyaev}, D. and {Cargile}, P. and {Chang}, L. and 
   {Da Costa}, L.~N. and {Porto De Mello}, G.~F. and {Femen{\'{\i}}a}, B. and 
   {Ferreira}, L.~D. and {Gary}, B. and {Hebb}, L. and {Holtzman}, J. and 
   {Liu}, J. and {Ma}, B. and {Mack}, C.~E. and {Mahadevan}, S. and 
   {Maia}, M.~A.~G. and {Nguyen}, D.~C. and {Ogando}, R.~L.~C. and 
   {Oravetz}, D.~J. and {Paegert}, M. and {Pan}, K. and {Pepper}, J. and 
   {Rebolo}, R. and {Santiago}, B. and {Schneider}, D.~P. and {Shelden}, A.~C. and 
   {Simmons}, A. and {Tofflemire}, B.~M. and {Wan}, X. and {Wang}, J. and 
   {Zhao}, B.},
    title = "{Very Low Mass Stellar and Substellar Companions to Solar-like Stars from MARVELS. I. A Low-mass Ratio Stellar Companion to TYC 4110-01037-1 in a 79 Day Orbit}",
  journal = {\aj},
archivePrefix = "arXiv",
   eprint = {1202.4964},
 primaryClass = "astro-ph.SR",
 keywords = {binaries: general, stars: individual: TYC 4110-01037-1, stars: low mass},
     year = 2012,
    month = may,
   volume = 143,
      eid = {107},
    pages = {107},
      doi = {10.1088/0004-6256/143/5/107},
   adsurl = {http://adsabs.harvard.edu/abs/2012AJ....143..107W},
  adsnote = {Provided by the SAO/NASA Astrophysics Data System}
}


