@ARTICLE{AksnesFranklin01,
   author = {{Aksnes}, K. and {Franklin}, F.~A.},
    title = "{Secular Acceleration of Io Derived from Mutual Satellite Events}",
  journal = {\aj},
 keywords = {Celestial Mechanics, Occultations, planets and satellites: individual (Callisto, Europa, Ganymede, Io)},
     year = 2001,
    month = nov,
   volume = 122,
    pages = {2734-2739},
      doi = {10.1086/323708},
   adsurl = {http://adsabs.harvard.edu/abs/2001AJ....122.2734A},
  adsnote = {Provided by the SAO/NASA Astrophysics Data System}
}

@ARTICLE{AngladaEscude12,
   author = {{Anglada-Escud{\'e}}, G. and {Arriagada}, P. and {Vogt}, S.~S. and 
	{Rivera}, E.~J. and {Butler}, R.~P. and {Crane}, J.~D. and {Shectman}, S.~A. and 
	{Thompson}, I.~B. and {Minniti}, D. and {Haghighipour}, N. and 
	{Carter}, B.~D. and {Tinney}, C.~G. and {Wittenmyer}, R.~A. and 
	{Bailey}, J.~A. and {O'Toole}, S.~J. and {Jones}, H.~R.~A. and 
	{Jenkins}, J.~S.},
    title = "{A Planetary System around the nearby M Dwarf GJ 667C with At Least One Super-Earth in Its Habitable Zone}",
  journal = {\apjl},
archivePrefix = "arXiv",
   eprint = {1202.0446},
 primaryClass = "astro-ph.EP",
 keywords = {planetary systems, stars: individual: GJ 667C, techniques: radial velocities},
     year = 2012,
    month = may,
   volume = 751,
      eid = {L16},
    pages = {L16},
      doi = {10.1088/2041-8205/751/1/L16},
   adsurl = {http://adsabs.harvard.edu/abs/2012ApJ...751L..16A},
  adsnote = {Provided by the SAO/NASA Astrophysics Data System}
}

@ARTICLE{BarnesQuinn01,
   author = {{Barnes}, R. and {Quinn}, T.},
    title = "{A Statistical Examination of the Short-Term Stability of the {\upsi} Andromedae Planetary System}",
  journal = {\apj},
   eprint = {arXiv:astro-ph/0006144},
 keywords = {Celestial Mechanics, Methods: n-Body Simulations, Stars: Planetary Systems, Stars: Individual: Constellation Name: {\upsi} Andromedae, Stellar Dynamics},
     year = 2001,
    month = apr,
   volume = 550,
    pages = {884-889},
      doi = {10.1086/319782},
   adsurl = {http://adsabs.harvard.edu/abs/2001ApJ...550..884B},
  adsnote = {Provided by the SAO/NASA Astrophysics Data System}
}

@ARTICLE{BarnesRaymond04,
   author = {{Barnes}, R. and {Raymond}, S.~N.},
    title = "{Predicting Planets in Known Extrasolar Planetary Systems. I. Test Particle Simulations}",
  journal = {\apj},
   eprint = {arXiv:astro-ph/0402542},
 keywords = {Celestial Mechanics, Methods: Numerical, Stars: Planetary Systems},
     year = 2004,
    month = dec,
   volume = 617,
    pages = {569-574},
      doi = {10.1086/423419},
   adsurl = {http://adsabs.harvard.edu/abs/2004ApJ...617..569B},
  adsnote = {Provided by the SAO/NASA Astrophysics Data System}
}

@ARTICLE{Barnes07,
   author = {{Barnes}, J.~W.},
    title = "{Effects of Orbital Eccentricity on Extrasolar Planet Transit Detectability and Light Curves}",
  journal = {\pasp},
archivePrefix = "arXiv",
   eprint = {0708.0243},
 keywords = {Extrasolar Planets},
     year = 2007,
    month = sep,
   volume = 119,
    pages = {986-993},
      doi = {10.1086/522039},
   adsurl = {http://adsabs.harvard.edu/abs/2007PASP..119..986B},
  adsnote = {Provided by the SAO/NASA Astrophysics Data System}
}

@ARTICLE{BarnesGreenberg06a,
   author = {{Barnes}, R. and {Greenberg}, R.},
    title = "{Extrasolar Planetary Systems Near a Secular Separatrix}",
  journal = {\apj},
 keywords = {Celestial Mechanics, Stars: Planetary Systems},
     year = 2006,
    month = feb,
   volume = 638,
    pages = {478-487},
      doi = {10.1086/498736},
   adsurl = {http://adsabs.harvard.edu/abs/2006ApJ...638..478B},
  adsnote = {Provided by the SAO/NASA Astrophysics Data System}
}

@ARTICLE{Barnes06b,
   author = {{Barnes}, R. and {Greenberg}, R.},
    title = "{Behavior of Apsidal Orientations in Planetary Systems}",
  journal = {\apjl},
   eprint = {arXiv:astro-ph/0610341},
 keywords = {Methods: n-Body Simulations, Stars: Planetary Systems},
     year = 2006,
    month = nov,
   volume = 652,
    pages = {L53-L56},
      doi = {10.1086/510068},
   adsurl = {http://adsabs.harvard.edu/abs/2006ApJ...652L..53B},
  adsnote = {Provided by the SAO/NASA Astrophysics Data System}
}


@ARTICLE{Barnes08,
   author = {{Barnes}, R. and {Raymond}, S.~N. and {Jackson}, B. and {Greenberg}, R.
        },
    title = "{Tides and the Evolution of Planetary Habitability}",
  journal = {Astrobiology},
archivePrefix = "arXiv",
   eprint = {0807.0680},
 keywords = {Extrasolar terrestrial planets,  Habitable zones, M stars,  Gl 581,},
     year = 2008,
    month = jun,
   volume = 8,
    pages = {557-568},
      doi = {10.1089/ast.2007.0204},
   adsurl = {http://adsabs.harvard.edu/abs/2008AsBio...8..557B},
  adsnote = {Provided by the SAO/NASA Astrophysics Data System}
}


@ARTICLE{Barnes09,
   author = {{Barnes}, R. and {Jackson}, B. and {Greenberg}, R. and {Raymond}, S.~N.
        },
    title = "{Tidal Limits to Planetary Habitability}",
  journal = {\apjl},
archivePrefix = "arXiv",
   eprint = {0906.1785},
 primaryClass = "astro-ph.EP",
 keywords = {astrobiology, planetary systems, stars: individual: GJ 581, stars: low-mass, brown dwarfs},
     year = 2009,
    month = jul,
   volume = 700,
    pages = {L30-L33},
      doi = {10.1088/0004-637X/700/1/L30},
   adsurl = {http://adsabs.harvard.edu/abs/2009ApJ...700L..30B},
  adsnote = {Provided by the SAO/NASA Astrophysics Data System}
}

@ARTICLE{Barnes09_1km,
   author = {{Barnes}, R. and {Quinn}, T.~R. and {Lissauer}, J.~J. and {Richardson}, D.~C.
	},
    title = "{N-Body simulations of growth from 1 km planetesimals at 0.4 AU}",
  journal = {\icarus},
archivePrefix = "arXiv",
   eprint = {0903.4737},
 primaryClass = "astro-ph.EP",
     year = 2009,
    month = oct,
   volume = 203,
    pages = {626-643},
      doi = {10.1016/j.icarus.2009.03.042},
   adsurl = {http://adsabs.harvard.edu/abs/2009Icar..203..626B},
  adsnote = {Provided by the SAO/NASA Astrophysics Data System}
}

@ARTICLE{Barnes11,
   author = {{Barnes}, R. and {Greenberg}, R. and {Quinn}, T.~R. and {McArthur}, B.~E. and 
	{Benedict}, G.~F.},
    title = "{Origin and Dynamics of the Mutually Inclined Orbits of {\upsi} Andromedae c and d}",
  journal = {\apj},
archivePrefix = "arXiv",
   eprint = {1011.2216},
 primaryClass = "astro-ph.EP",
 keywords = {planetary systems, stars: individual: Upsilon Andromedae},
     year = 2011,
    month = jan,
   volume = 726,
      eid = {71},
    pages = {71},
      doi = {10.1088/0004-637X/726/2/71},
   adsurl = {http://adsabs.harvard.edu/abs/2011ApJ...726...71B},
  adsnote = {Provided by the SAO/NASA Astrophysics Data System}
}

@ARTICLE{Barnes13,
   author = {{Barnes}, R. and {Mullins}, K. and {Goldblatt}, C. and {Meadows}, V.~S. and 
	{Kasting}, J.~F. and {Heller}, R.},
    title = "{Tidal Venuses: Triggering a Climate Catastrophe via Tidal Heating}",
  journal = {Astrobiology},
archivePrefix = "arXiv",
   eprint = {1203.5104},
 primaryClass = "astro-ph.EP",
     year = 2013,
    month = mar,
   volume = 13,
    pages = {225-250},
      doi = {10.1089/ast.2012.0851},
   adsurl = {http://adsabs.harvard.edu/abs/2013AsBio..13..225B},
  adsnote = {Provided by the SAO/NASA Astrophysics Data System}
}


@ARTICLE{Batalha11,
   author = {{Batalha}, N.~M. and {Borucki}, W.~J. and {Bryson}, S.~T. and 
        {Buchhave}, L.~A. and {Caldwell}, D.~A. and {Christensen-Dalsgaard}, J. and 
        {Ciardi}, D. and {Dunham}, E.~W. and {Fressin}, F. and {Gautier}, III, T.~N. and 
        {Gilliland}, R.~L. and {Haas}, M.~R. and {Howell}, S.~B. and 
        {Jenkins}, J.~M. and {Kjeldsen}, H. and {Koch}, D.~G. and {Latham}, D.~W. and 
        {Lissauer}, J.~J. and {Marcy}, G.~W. and {Rowe}, J.~F. and {Sasselov}, D.~D. and 
        {Seager}, S. and {Steffen}, J.~H. and {Torres}, G. and {Basri}, G.~S. and 
        {Brown}, T.~M. and {Charbonneau}, D. and {Christiansen}, J. and 
        {Clarke}, B. and {Cochran}, W.~D. and {Dupree}, A. and {Fabrycky}, D.~C. and 
        {Fischer}, D. and {Ford}, E.~B. and {Fortney}, J. and {Girouard}, F.~R. and 
        {Holman}, M.~J. and {Johnson}, J. and {Isaacson}, H. and {Klaus}, T.~C. and 
        {Machalek}, P. and {Moorehead}, A.~V. and {Morehead}, R.~C. and 
        {Ragozzine}, D. and {Tenenbaum}, P. and {Twicken}, J. and {Quinn}, S. and 
        {VanCleve}, J. and {Walkowicz}, L.~M. and {Welsh}, W.~F. and 
        {Devore}, E. and {Gould}, A.},
    title = "{Kepler's First Rocky Planet: Kepler-10b}",
  journal = {\apj},
archivePrefix = "arXiv",
   eprint = {1102.0605},
 primaryClass = "astro-ph.EP",
 keywords = {planetary systems, stars: individual: Kepler-10 KIC 11904151 2MASS 19024305+5014286, techniques: photometric, techniques: spectroscopic},
     year = 2011,
    month = mar,
   volume = 729,
    pages = {27-+},
      doi = {10.1088/0004-637X/729/1/27},
   adsurl = {http://adsabs.harvard.edu/abs/2011ApJ...729...27B},
  adsnote = {Provided by the SAO/NASA Astrophysics Data System}
}


@ARTICLE{Bolmont13,
   author = {{Bolmont}, E. and {Selsis}, F. and {Raymond}, S.~N. and {Leconte}, J. and 
	{Hersant}, F. and {Maurin}, A.-S. and {Pericaud}, J.},
    title = "{Tidal dissipation and eccentricity pumping: Implications for the depth of the secondary eclipse of 55 Cnc e}",
  journal = {ArXiv e-prints},
archivePrefix = "arXiv",
   eprint = {1304.0459},
 primaryClass = "astro-ph.EP",
 keywords = {Astrophysics - Earth and Planetary Astrophysics},
     year = 2013,
    month = apr,
   adsurl = {http://adsabs.harvard.edu/abs/2013arXiv1304.0459B},
  adsnote = {Provided by the SAO/NASA Astrophysics Data System}
}

@ARTICLE{Darwin1880,
   author = {{Darwin}, G.~H.},
    title = "{On the Secular Changes in the Elements of the Orbit of a Satellite Revolving about a Tidally Distorted Planet}",
  journal = {Royal Society of London Philosophical Transactions Series I},
     year = 1880,
   volume = 171,
    pages = {713-891},
   adsurl = {http://adsabs.harvard.edu/abs/1880RSPT..171..713D},
  adsnote = {Provided by the SAO/NASA Astrophysics Data System}
}

@ARTICLE{DawsonMuraryClay13,
   author = {{Dawson}, R.~I. and {Murray-Clay}, R.~A.},
    title = "{Giant Planets Orbiting Metal-rich Stars Show Signatures of Planet-Planet Interactions}",
  journal = {\apjl},
archivePrefix = "arXiv",
   eprint = {1302.6244},
 primaryClass = "astro-ph.EP",
 keywords = {planets and satellites: dynamical evolution and stability},
     year = 2013,
    month = apr,
   volume = 767,
      eid = {L24},
    pages = {L24},
      doi = {10.1088/2041-8205/767/2/L24},
   adsurl = {http://adsabs.harvard.edu/abs/2013ApJ...767L..24D},
  adsnote = {Provided by the SAO/NASA Astrophysics Data System}
}

@ARTICLE{Fabrycky12,
   author = {{Fabrycky}, D.~C. and {Lissauer}, J.~J. and {Ragozzine}, D. and 
	{Rowe}, J.~F. and {Agol}, E. and {Barclay}, T. and {Batalha}, N. and 
	{Borucki}, W. and {Ciardi}, D.~R. and {Ford}, E.~B. and {Geary}, J.~C. and 
	{Holman}, M.~J. and {Jenkins}, J.~M. and {Li}, J. and {Morehead}, R.~C. and 
	{Shporer}, A. and {Smith}, J.~C. and {Steffen}, J.~H. and {Still}, M.
	},
    title = "{Architecture of Kepler's Multi-transiting Systems: II. New investigations with twice as many candidates}",
  journal = {ArXiv e-prints},
archivePrefix = "arXiv",
   eprint = {1202.6328},
 primaryClass = "astro-ph.EP",
 keywords = {Astrophysics - Earth and Planetary Astrophysics},
     year = 2012,
    month = feb,
   adsurl = {http://adsabs.harvard.edu/abs/2012arXiv1202.6328F},
  adsnote = {Provided by the SAO/NASA Astrophysics Data System}
}

@ARTICLE{Ford00,
   author = {{Ford}, E.~B. and {Kozinsky}, B. and {Rasio}, F.~A.},
    title = "{Secular Evolution of Hierarchical Triple Star Systems}",
  journal = {\apj},
 keywords = {Stars: Binaries: General, Celestial Mechanics, Stellar Dynamics, Stars: Planetary Systems, stars: individual (TMR-1, 16 Cygni), pulsars: individual (PSR B1620-26)},
     year = 2000,
    month = may,
   volume = 535,
    pages = {385-401},
      doi = {10.1086/308815},
   adsurl = {http://adsabs.harvard.edu/abs/2000ApJ...535..385F},
  adsnote = {Provided by the SAO/NASA Astrophysics Data System}
}

@ARTICLE{FerrazMello08,
   author = {{Ferraz-Mello}, S. and {Rodr{\'{\i}}guez}, A. and {Hussmann}, H.
        },
    title = "{Tidal friction in close-in satellites and exoplanets: The Darwin theory re-visited}",
  journal = {Celestial Mechanics and Dynamical Astronomy},
archivePrefix = "arXiv",
   eprint = {0712.1156},
 keywords = {Tidal friction, Exoplanets, Satellites, Energy dissipation, Orbit evolution, Darwin{\amp}rsquo, s theory, Synchronous rotation, Stationary rotation, Capture into 1:1 resonance},
     year = 2008,
    month = may,
   volume = 101,
    pages = {171-201},
      doi = {10.1007/s10569-008-9133-x},
   adsurl = {http://adsabs.harvard.edu/abs/2008CeMDA.101..171F},
  adsnote = {Provided by the SAO/NASA Astrophysics Data System}
}



@ARTICLE{GreenbergVanLaerhoven11,
   author = {{Greenberg}, R. and {Van Laerhoven}, C.},
    title = "{Tidal Evolution of a Secularly Interacting Planetary System}",
  journal = {\apj},
archivePrefix = "arXiv",
   eprint = {1103.2794},
 primaryClass = "astro-ph.EP",
 keywords = {celestial mechanics, planetary systems, planets and satellites: dynamical evolution and stability, planet-star interactions},
     year = 2011,
    month = may,
   volume = 733,
      eid = {8},
    pages = {8},
      doi = {10.1088/0004-637X/733/1/8},
   adsurl = {http://adsabs.harvard.edu/abs/2011ApJ...733....8G},
  adsnote = {Provided by the SAO/NASA Astrophysics Data System}
}

@ARTICLE{GoldreichSoter66,
   author = {{Goldreich}, P. and {Soter}, S.},
    title = "{Q in the Solar System}",
  journal = {\icarus},
     year = 1966,
   volume = 5,
    pages = {375-389},
      doi = {10.1016/0019-1035(66)90051-0},
   adsurl = {http://adsabs.harvard.edu/abs/1966Icar....5..375G},
  adsnote = {Provided by the SAO/NASA Astrophysics Data System}
}

@ARTICLE{Gomes05,
   author = {{Gomes}, R. and {Levison}, H.~F. and {Tsiganis}, K. and {Morbidelli}, A.
	},
    title = "{Origin of the cataclysmic Late Heavy Bombardment period of the terrestrial planets}",
  journal = {\nat},
     year = 2005,
    month = may,
   volume = 435,
    pages = {466-469},
      doi = {10.1038/nature03676},
   adsurl = {http://adsabs.harvard.edu/abs/2005Natur.435..466G},
  adsnote = {Provided by the SAO/NASA Astrophysics Data System}
}

@ARTICLE{Khodachenko07,
   author = {{Khodachenko}, M.~L. and {Ribas}, I. and {Lammer}, H. and {Grie{\ss}meier}, J.-M. and 
        {Leitner}, M. and {Selsis}, F. and {Eiroa}, C. and {Hanslmeier}, A. and 
        {Biernat}, H.~K. and {Farrugia}, C.~J. and {Rucker}, H.~O.},
    title = "{Coronal Mass Ejection (CME) Activity of Low Mass M Stars as An Important Factor for The Habitability of Terrestrial Exoplanets. I. CME Impact on Expected Magnetospheres of Earth-Like Exoplanets in Close-In Habitable Zones}",
  journal = {Astrobiology},
     year = 2007,
    month = feb,
   volume = 7,
    pages = {167-184},
      doi = {10.1089/ast.2006.0127},
   adsurl = {http://adsabs.harvard.edu/abs/2007AsBio...7..167K},
  adsnote = {Provided by the SAO/NASA Astrophysics Data System}
}


@ARTICLE{Hut81,
   author = {{Hut}, P.},
    title = "{Tidal evolution in close binary systems}",
  journal = {\aap},
 keywords = {BINARY STARS, CELESTIAL MECHANICS, STELLAR EVOLUTION, STELLAR MODELS, TIDES, TWO BODY PROBLEM, ANGULAR MOMENTUM, COMPANION STARS, CONSERVATION LAWS, ENERGY DISSIPATION, EQUILIBRIUM EQUATIONS, GRAVITATIONAL EFFECTS, PERTURBATION THEORY, STELLAR ROTATION, SYNCHRONISM, X RAY STARS},
     year = 1981,
    month = jun,
   volume = 99,
    pages = {126-140},
   adsurl = {http://adsabs.harvard.edu/abs/1981A%26A....99..126H},
  adsnote = {Provided by the SAO/NASA Astrophysics Data System}
}


@ARTICLE{Jackson08,
   author = {{Jackson}, B. and {Greenberg}, R. and {Barnes}, R.},
    title = "{Tidal Evolution of Close-in Extrasolar Planets}",
  journal = {\apj},
archivePrefix = "arXiv",
   eprint = {0802.1543},
 keywords = {Celestial Mechanics, Stars: Planetary Systems: Formation, Stars: Planetary Systems: Protoplanetary Disks},
     year = 2008,
    month = may,
   volume = 678,
    pages = {1396-1406},
      doi = {10.1086/529187},
   adsurl = {http://adsabs.harvard.edu/abs/2008ApJ...678.1396J},
  adsnote = {Provided by the SAO/NASA Astrophysics Data System}
}

@ARTICLE{Jackson09,
   author = {{Jackson}, B. and {Barnes}, R. and {Greenberg}, R.},
    title = "{Observational Evidence for Tidal Destruction of Exoplanets}",
  journal = {\apj},
archivePrefix = "arXiv",
   eprint = {0904.1170},
 primaryClass = "astro-ph.EP",
 keywords = {planetary systems: formation, planetary systems: protoplanetary disks},
     year = 2009,
    month = jun,
   volume = 698,
    pages = {1357-1366},
      doi = {10.1088/0004-637X/698/2/1357},
   adsurl = {http://adsabs.harvard.edu/abs/2009ApJ...698.1357J},
  adsnote = {Provided by the SAO/NASA Astrophysics Data System}
}

@ARTICLE{Jackson10,
   author = {{Jackson}, B. and {Miller}, N. and {Barnes}, R. and {Raymond}, S.~N. and 
	{Fortney}, J.~J. and {Greenberg}, R.},
    title = "{The roles of tidal evolution and evaporative mass loss in the origin of CoRoT-7 b}",
  journal = {\mnras},
archivePrefix = "arXiv",
   eprint = {1005.2186},
 primaryClass = "astro-ph.EP",
 keywords = {celestial mechanics, planets and satellites: atmospheres, planets and satellites: individual: CoRoT-7 b},
     year = 2010,
    month = sep,
   volume = 407,
    pages = {910-922},
      doi = {10.1111/j.1365-2966.2010.17012.x},
   adsurl = {http://adsabs.harvard.edu/abs/2010MNRAS.407..910J},
  adsnote = {Provided by the SAO/NASA Astrophysics Data System}
}

@ARTICLE{Lainey12,
   author = {{Lainey}, V. and {Karatekin}, {\"O}. and {Desmars}, J. and {Charnoz}, S. and 
	{Arlot}, J.-E. and {Emelyanov}, N. and {Le Poncin-Lafitte}, C. and 
	{Mathis}, S. and {Remus}, F. and {Tobie}, G. and {Zahn}, J.-P.
	},
    title = "{Strong Tidal Dissipation in Saturn and Constraints on Enceladus' Thermal State from Astrometry}",
  journal = {\apj},
archivePrefix = "arXiv",
   eprint = {1204.0895},
 primaryClass = "astro-ph.EP",
 keywords = {astrometry, celestial mechanics, ephemerides, Planets and satellites: dynamical evolution and stability, Planets and satellites: interiors},
     year = 2012,
    month = jun,
   volume = 752,
      eid = {14},
    pages = {14},
      doi = {10.1088/0004-637X/752/1/14},
   adsurl = {http://adsabs.harvard.edu/abs/2012ApJ...752...14L},
  adsnote = {Provided by the SAO/NASA Astrophysics Data System}
}

@ARTICLE{Lammer13,
   author = {{Lammer}, H. and {Erkaev}, N.~V. and {Odert}, P. and {Kislyakova}, K.~G. and 
	{Leitzinger}, M. and {Khodachenko}, M.~L.},
    title = "{Probing the blow-off criteria of hydrogen-rich `super-Earths'}",
  journal = {\mnras},
archivePrefix = "arXiv",
   eprint = {1210.0793},
 primaryClass = "astro-ph.EP",
 keywords = {hydrodynamics, planets and satellites: atmospheres, planets and satellites: physical evolution, planet-star interactions, ultraviolet: planetary systems, ultraviolet: stars},
     year = 2013,
    month = apr,
   volume = 430,
    pages = {1247-1256},
      doi = {10.1093/mnras/sts705},
   adsurl = {http://adsabs.harvard.edu/abs/2013MNRAS.430.1247L},
  adsnote = {Provided by the SAO/NASA Astrophysics Data System}
}

@ARTICLE{Leconte10,
   author = {{Leconte}, J. and {Chabrier}, G. and {Baraffe}, I. and {Levrard}, B.
        },
    title = "{Is tidal heating sufficient to explain bloated exoplanets? Consistent calculations accounting for finite initial eccentricity}",
  journal = {\aap},
archivePrefix = "arXiv",
   eprint = {1004.0463},
 primaryClass = "astro-ph.EP",
 keywords = {brown dwarfs, planet-star interactions, planets and satellites: dynamical evolution and stability, planets and satellites: general},
     year = 2010,
    month = jun,
   volume = 516,
    pages = {A64+},
      doi = {10.1051/0004-6361/201014337},
   adsurl = {http://adsabs.harvard.edu/abs/2010A%26A...516A..64L},
  adsnote = {Provided by the SAO/NASA Astrophysics Data System}
}

@ARTICLE{Lissauer11,
   author = {{Lissauer}, J.~J. and {Fabrycky}, D.~C. and {Ford}, E.~B. and 
	{Borucki}, W.~J. and {Fressin}, F. and {Marcy}, G.~W. and {Orosz}, J.~A. and 
	{Rowe}, J.~F. and {Torres}, G. and {Welsh}, W.~F. and {Batalha}, N.~M. and 
	{Bryson}, S.~T. and {Buchhave}, L.~A. and {Caldwell}, D.~A. and 
	{Carter}, J.~A. and {Charbonneau}, D. and {Christiansen}, J.~L. and 
	{Cochran}, W.~D. and {Desert}, J.-M. and {Dunham}, E.~W. and 
	{Fanelli}, M.~N. and {Fortney}, J.~J. and {Gautier}, III, T.~N. and 
	{Geary}, J.~C. and {Gilliland}, R.~L. and {Haas}, M.~R. and 
	{Hall}, J.~R. and {Holman}, M.~J. and {Koch}, D.~G. and {Latham}, D.~W. and 
	{Lopez}, E. and {McCauliff}, S. and {Miller}, N. and {Morehead}, R.~C. and 
	{Quintana}, E.~V. and {Ragozzine}, D. and {Sasselov}, D. and 
	{Short}, D.~R. and {Steffen}, J.~H.},
    title = "{A closely packed system of low-mass, low-density planets transiting Kepler-11}",
  journal = {\nat},
archivePrefix = "arXiv",
   eprint = {1102.0291},
 primaryClass = "astro-ph.EP",
     year = 2011,
    month = feb,
   volume = 470,
    pages = {53-58},
      doi = {10.1038/nature09760},
   adsurl = {http://adsabs.harvard.edu/abs/2011Natur.470...53L},
  adsnote = {Provided by the SAO/NASA Astrophysics Data System}
}


@ARTICLE{Lopez12,
   author = {{Lopez}, E.~D. and {Fortney}, J.~J. and {Miller}, N.},
    title = "{How Thermal Evolution and Mass-loss Sculpt Populations of Super-Earths and Sub-Neptunes: Application to the Kepler-11 System and Beyond}",
  journal = {\apj},
archivePrefix = "arXiv",
   eprint = {1205.0010},
 primaryClass = "astro-ph.EP",
 keywords = {planetary systems, planets and satellites: composition, planets and satellites: formation, planets and satellites: interiors, planets and satellites: physical evolution, stars: individual: Kepler-11 },
     year = 2012,
    month = dec,
   volume = 761,
      eid = {59},
    pages = {59},
      doi = {10.1088/0004-637X/761/1/59},
   adsurl = {http://adsabs.harvard.edu/abs/2012ApJ...761...59L},
  adsnote = {Provided by the SAO/NASA Astrophysics Data System}
}

@ARTICLE{Greenberg09,
   author = {{Greenberg}, R.},
    title = "{Frequency Dependence of Tidal q}",
  journal = {\apjl},
 keywords = {celestial mechanics, planetary systems, planets and satellites: general},
     year = 2009,
    month = jun,
   volume = 698,
    pages = {L42-L45},
      doi = {10.1088/0004-637X/698/1/L42},
   adsurl = {http://adsabs.harvard.edu/abs/2009ApJ...698L..42G},
  adsnote = {Provided by the SAO/NASA Astrophysics Data System}
}

@ARTICLE{Lammer07,
   author = {{Lammer}, H. and {Lichtenegger}, H.~I.~M. and {Kulikov}, Y.~N. and 
        {Grie{\ss}meier}, J.-M. and {Terada}, N. and {Erkaev}, N.~V. and 
        {Biernat}, H.~K. and {Khodachenko}, M.~L. and {Ribas}, I. and 
        {Penz}, T. and {Selsis}, F.},
    title = "{Coronal Mass Ejection (CME) Activity of Low Mass M Stars as An Important Factor for The Habitability of Terrestrial Exoplanets. II. CME-Induced Ion Pick Up of Earth-like Exoplanets in Close-In Habitable Zones}",
  journal = {Astrobiology},
     year = 2007,
    month = feb,
   volume = 7,
    pages = {185-207},
      doi = {10.1089/ast.2006.0128},
   adsurl = {http://adsabs.harvard.edu/abs/2007AsBio...7..185L},
  adsnote = {Provided by the SAO/NASA Astrophysics Data System}
}


@ARTICLE{Leitzinger11,
   author = {{Leitzinger}, M. and {Odert}, P. and {Kulikov}, Y.~N. and {Lammer}, H. and 
	{Wuchterl}, G. and {Penz}, T. and {Guarcello}, M.~G. and {Micela}, G. and 
	{Khodachenko}, M.~L. and {Weingrill}, J. and {Hanslmeier}, A. and 
	{Biernat}, H.~K. and {Schneider}, J.},
    title = "{Could CoRoT-7b and Kepler-10b be remnants of evaporated gas or ice giants?}",
  journal = {\planss},
     year = 2011,
    month = oct,
   volume = 59,
    pages = {1472-1481},
      doi = {10.1016/j.pss.2011.06.003},
   adsurl = {http://adsabs.harvard.edu/abs/2011P%26SS...59.1472L},
  adsnote = {Provided by the SAO/NASA Astrophysics Data System}
}

@ARTICLE{LibertHenrard05,
   author = {{Libert}, A.-S. and {Henrard}, J.},
    title = "{Analytical Approach to the Secular Behaviour of Exoplanetary Systems}",
  journal = {Celestial Mechanics and Dynamical Astronomy},
 keywords = {exoplanets, secular motion, three-body problem, analytical expansion},
     year = 2005,
    month = sep,
   volume = 93,
    pages = {187-200},
      doi = {10.1007/s10569-005-0181-1},
   adsurl = {http://adsabs.harvard.edu/abs/2005CeMDA..93..187L},
  adsnote = {Provided by the SAO/NASA Astrophysics Data System}
}

@ARTICLE{Matsumura10,
   author = {{Matsumura}, S. and {Peale}, S.~J. and {Rasio}, F.~A.},
    title = "{Tidal Evolution of Close-in Planets}",
  journal = {\apj},
archivePrefix = "arXiv",
   eprint = {1007.4785},
 primaryClass = "astro-ph.EP",
 keywords = {planetary systems, planets and satellites: formation},
     year = 2010,
    month = dec,
   volume = 725,
    pages = {1995-2016},
      doi = {10.1088/0004-637X/725/2/1995},
   adsurl = {http://adsabs.harvard.edu/abs/2010ApJ...725.1995M},
  adsnote = {Provided by the SAO/NASA Astrophysics Data System}
}

@ARTICLE{MacDonald64,
   author = {{MacDonald}, G.~J.~F.},
    title = "{Tidal Friction}",
  journal = {Reviews of Geophysics and Space Physics},
     year = 1964,
   volume = 2,
    pages = {467-541},
      doi = {10.1029/RG002i003p00467},
   adsurl = {http://adsabs.harvard.edu/abs/1964RvGSP...2..467M},
  adsnote = {Provided by the SAO/NASA Astrophysics Data System}
}

@ARTICLE{MardlingLin02,
   author = {{Mardling}, R.~A. and {Lin}, D.~N.~C.},
    title = "{Calculating the Tidal, Spin, and Dynamical Evolution of Extrasolar Planetary Systems}",
  journal = {\apj},
 keywords = {Stars: Planetary Systems, Stars: Planetary Systems: Formation, Solar System: Formation},
     year = 2002,
    month = jul,
   volume = 573,
    pages = {829-844},
      doi = {10.1086/340752},
   adsurl = {http://adsabs.harvard.edu/abs/2002ApJ...573..829M},
  adsnote = {Provided by the SAO/NASA Astrophysics Data System}
}

@ARTICLE{McArthur10,
   author = {{McArthur}, B.~E. and {Benedict}, G.~F. and {Barnes}, R. and 
	{Martioli}, E. and {Korzennik}, S. and {Nelan}, E. and {Butler}, R.~P.
	},
    title = "{New Observational Constraints on the {\upsi} Andromedae System with Data from the Hubble Space Telescope and Hobby-Eberly Telescope}",
  journal = {\apj},
 keywords = {astrometry, planetary systems, planets and satellites: dynamical evolution and stability, planets and satellites: fundamental parameters},
     year = 2010,
    month = jun,
   volume = 715,
    pages = {1203-1220},
      doi = {10.1088/0004-637X/715/2/1203},
   adsurl = {http://adsabs.harvard.edu/abs/2010ApJ...715.1203M},
  adsnote = {Provided by the SAO/NASA Astrophysics Data System}
}

@ARTICLE{OwenWu13,
   author = {{Owen}, J.~E. and {Wu}, Y.},
    title = "{Kepler planets: a tale of evaporation}",
  journal = {ArXiv e-prints},
archivePrefix = "arXiv",
   eprint = {1303.3899},
 primaryClass = "astro-ph.EP",
 keywords = {Astrophysics - Earth and Planetary Astrophysics},
     year = 2013,
    month = mar,
   adsurl = {http://adsabs.harvard.edu/abs/2013arXiv1303.3899O},
  adsnote = {Provided by the SAO/NASA Astrophysics Data System}
}

@ARTICLE{Poppenhaeger12,
   author = {{Poppenhaeger}, K. and {Czesla}, S. and {Schr{\"o}ter}, S. and 
	{Lalitha}, S. and {Kashyap}, V. and {Schmitt}, J.~H.~M.~M.},
    title = "{The high-energy environment in the super-Earth system CoRoT-7}",
  journal = {\aap},
archivePrefix = "arXiv",
   eprint = {1203.4080},
 primaryClass = "astro-ph.SR",
 keywords = {stars: activity, planetary systems, planets and satellites: atmospheres, X-rays: stars, stars: coronae, X-rays: individuals: CoRoT-7},
     year = 2012,
    month = may,
   volume = 541,
      eid = {A26},
    pages = {A26},
      doi = {10.1051/0004-6361/201118507},
   adsurl = {http://adsabs.harvard.edu/abs/2012A%26A...541A..26P},
  adsnote = {Provided by the SAO/NASA Astrophysics Data System}
}

@ARTICLE{Rasio96,
   author = {{Rasio}, F.~A. and {Tout}, C.~A. and {Lubow}, S.~H. and {Livio}, M.
	},
    title = "{Tidal Decay of Close Planetary Orbits}",
  journal = {\apj},
   eprint = {arXiv:astro-ph/9605059},
 keywords = {CELESTIAL MECHANICS, STELLAR DYNAMICS, STARS: PLANETARY SYSTEMS, SOLAR SYSTEM: GENERAL},
     year = 1996,
    month = oct,
   volume = 470,
    pages = {1187},
      doi = {10.1086/177941},
   adsurl = {http://adsabs.harvard.edu/abs/1996ApJ...470.1187R},
  adsnote = {Provided by the SAO/NASA Astrophysics Data System}
}

@ARTICLE{ReffertQuirrenbach11,
   author = {{Reffert}, S. and {Quirrenbach}, A.},
    title = "{Mass constraints on substellar companion candidates from the re-reduced Hipparcos intermediate astrometric data: nine confirmed planets and two confirmed brown dwarfs}",
  journal = {\aap},
archivePrefix = "arXiv",
   eprint = {1101.2227},
 primaryClass = "astro-ph.EP",
 keywords = {astrometry, binaries: spectroscopic, planetary systems, brown dwarfs},
     year = 2011,
    month = mar,
   volume = 527,
      eid = {A140},
    pages = {A140},
      doi = {10.1051/0004-6361/201015861},
   adsurl = {http://adsabs.harvard.edu/abs/2011A%26A...527A.140R},
  adsnote = {Provided by the SAO/NASA Astrophysics Data System}
}

@ARTICLE{Ribas05,
   author = {{Ribas}, I. and {Guinan}, E.~F. and {G{\"u}del}, M. and {Audard}, M.
	},
    title = "{Evolution of the Solar Activity over Time and Effects on Planetary Atmospheres. I. High-Energy Irradiances (1-1700 {\AA})}",
  journal = {\apj},
   eprint = {arXiv:astro-ph/0412253},
 keywords = {Sun: Solar-terrestrial Relations, Stars: Activity, Stars: Chromospheres, Stars: Coronae, Stars: Late-Type, Sun: Evolution},
     year = 2005,
    month = mar,
   volume = 622,
    pages = {680-694},
      doi = {10.1086/427977},
   adsurl = {http://adsabs.harvard.edu/abs/2005ApJ...622..680R},
  adsnote = {Provided by the SAO/NASA Astrophysics Data System}
}

@ARTICLE{Seager07,
   author = {{Seager}, S. and {Kuchner}, M. and {Hier-Majumder}, C.~A. and 
        {Militzer}, B.},
    title = "{Mass-Radius Relationships for Solid Exoplanets}",
  journal = {\apj},
archivePrefix = "arXiv",
   eprint = {0707.2895},
 keywords = {Equation of State, Stars: Planetary Systems, Planets and Satellites: General},
     year = 2007,
    month = nov,
   volume = 669,
    pages = {1279-1297},
      doi = {10.1086/521346},
   adsurl = {http://adsabs.harvard.edu/abs/2007ApJ...669.1279S},
  adsnote = {Provided by the SAO/NASA Astrophysics Data System}
}

@ARTICLE{Sotin07,
   author = {{Sotin}, C. and {Grasset}, O. and {Mocquet}, A.},
    title = "{Mass radius curve for extrasolar Earth-like planets and ocean planets}",
  journal = {\icarus},
     year = 2007,
    month = nov,
   volume = 191,
    pages = {337-351},
      doi = {10.1016/j.icarus.2007.04.006},
   adsurl = {http://adsabs.harvard.edu/abs/2007Icar..191..337S},
  adsnote = {Provided by the SAO/NASA Astrophysics Data System}
}

@ARTICLE{Watson81,
   author = {{Watson}, A.~J. and {Donahue}, T.~M. and {Walker}, J.~C.~G.},
    title = "{The dynamics of a rapidly escaping atmosphere - Applications to the evolut
ion of earth and Venus}",
  journal = {\icarus},
 keywords = {PLANETS, EARTH, VENUS, ATMOSPHERE, ESCAPE, DYNAMICS, EVOLUTION, FLUX, MODEL
S, THERMOSPHERE, HYDROGEN, TEMPERATURE, ENERGY, CALCULATIONS, NUMERICAL METHODS, ALTITUD
E, PARAMETERS, THERMAL EFFECTS},
     year = 1981,
    month = nov,
   volume = 48,
    pages = {150-166},
      doi = {10.1016/0019-1035(81)90101-9},
   adsurl = {http://adsabs.harvard.edu/abs/1981Icar...48..150W [adsabs.harvard.edu]},
  adsnote = {Provided by the SAO/NASA Astrophysics Data System}
}

@ARTICLE{Valencia10,
   author = {{Valencia}, D. and {Ikoma}, M. and {Guillot}, T. and {Nettelmann}, N.
	},
    title = "{Composition and fate of short-period super-Earths. The case of CoRoT-7b}",
  journal = {\aap},
archivePrefix = "arXiv",
   eprint = {0907.3067},
 primaryClass = "astro-ph.EP",
 keywords = {planets and satellites: individual: CoRoT-7b},
     year = 2010,
    month = jun,
   volume = 516,
      eid = {A20},
    pages = {A20},
      doi = {10.1051/0004-6361/200912839},
   adsurl = {http://adsabs.harvard.edu/abs/2010A%26A...516A..20V},
  adsnote = {Provided by the SAO/NASA Astrophysics Data System}
}

@ARTICLE{VerasArmitage04,
   author = {{Veras}, D. and {Armitage}, P.~J.},
    title = "{The dynamics of two massive planets on inclined orbits}",
  journal = {\icarus},
   eprint = {arXiv:astro-ph/0407002},
     year = 2004,
    month = dec,
   volume = 172,
    pages = {349-371},
      doi = {10.1016/j.icarus.2004.06.012},
   adsurl = {http://adsabs.harvard.edu/abs/2004Icar..172..349V},
  adsnote = {Provided by the SAO/NASA Astrophysics Data System}
}

@ARTICLE{VidalMadjar03,
   author = {{Vidal-Madjar}, A. and {Lecavelier des Etangs}, A. and {D{\'e}sert}, J.-M. and 
	{Ballester}, G.~E. and {Ferlet}, R. and {H{\'e}brard}, G. and 
	{Mayor}, M.},
    title = "{An extended upper atmosphere around the extrasolar planet HD209458b}",
  journal = {\nat},
     year = 2003,
    month = mar,
   volume = 422,
    pages = {143-146},
      doi = {10.1038/nature01448},
   adsurl = {http://adsabs.harvard.edu/abs/2003Natur.422..143V},
  adsnote = {Provided by the SAO/NASA Astrophysics Data System}
}

@ARTICLE{Yelle04,
   author = {{Yelle}, R.~V.},
    title = "{Aeronomy of extra-solar giant planets at small orbital distances}",
  journal = {\icarus},
 keywords = {Extra-solar planets, Aeronomy, Atmospheric escape},
     year = 2004,
    month = jul,
   volume = 170,
    pages = {167-179},
      doi = {10.1016/j.icarus.2004.02.008},
   adsurl = {http://adsabs.harvard.edu/abs/2004Icar..170..167Y},
  adsnote = {Provided by the SAO/NASA Astrophysics Data System}
}

@ARTICLE{ZhangHamilton08,
   author = {{Zhang}, K. and {Hamilton}, D.~P.},
    title = "{Orbital resonances in the inner neptunian system. II. Resonant history of Proteus, Larissa, Galatea, and Despina}",
  journal = {\icarus},
     year = 2008,
    month = jan,
   volume = 193,
    pages = {267-282},
      doi = {10.1016/j.icarus.2007.08.024},
   adsurl = {http://adsabs.harvard.edu/abs/2008Icar..193..267Z},
  adsnote = {Provided by the SAO/NASA Astrophysics Data System}
}